% ===========================================
% 参考文献の情報を記述するファイル
% ここには書籍や先輩の卒論・修論などの情報を記載する
% 原著論文はmendeleyなどを使ってbibファイルにまとめるほうが楽です
% ===========================================
@book{Landau1987Fluid,
  author = {Landau, L. D. and Lifshitz, E. M.},
  day = 15,
  edition = 2,
  howpublished = {Paperback},
  isbn = {0750627670},
  keywords = {book},
  month = jan,
  posted-at = {2011-05-23 16:55:27},
  priority = {2},
  publisher = {Butterworth-Heinemann},
  series = {Course of theoretical physics / by L. D. Landau and E. M. Lifshitz, Vol. 6},
  title = {Fluid Mechanics, Second Edition: Volume 6 (Course of Theoretical Physics)},
  url = {http://www.worldcat.org/isbn/0750627670},
  year = 1987
}
@book{tennekes1972first,
  title={{A} {F}irst {C}ourse in {T}urbulence},
  author={Tennekes, Hendrik and Lumley, John L.},
  year={1972},
  publisher={MIT Press}
}
@book{frisch1995tlk,
  author = {Frisch, Uriel},
  publisher = {Cambridge University Press},
  title = {Turbulence: {T}he {L}egacy of {A}. {N}. {K}olmogorov},
  year = {1995},
}
@book{Tatsumi,
  title={流体力学},
  langid={Japanese},
  author={巽, 友正},
  isbn={9784563024215},
  series={新物理学シリーズ},
  url={https://books.google.co.jp/books?id=K2T7AAAACAAJ},
  year={1982},
  publisher={培風館}
}
@book{KidaYanase,
  title={乱流力学},
  langid={Japanese},
  author={木田, 重雄 and 柳瀬, 眞一郎},
  Sortname = {Shigeo Kida},
  year={1999},
  publisher={朝倉書店}
}
@book{Kajishima_turbulence_simulation,
  title={乱流の数値シミュレーション},
  langid={Japanese},
  author={梶島, 岳夫},
  Sortname = {Takeo Kajishima},
  year={1999},
  publisher={養賢堂}
}
@book{PIVhandbook,
  title={{PIV}ハンドブック},
  langid={Japanese},
  author={可視化情報学会},
  Sortname={KashikaJOuhouGakkai},
  publisher={森北出版},
  year={2018},
  edition={第2版}
}
@book{Ishioka_spectral,
  title={スペクトル法による数値計算入門},
  langid={Japanese},
  author={石岡, 圭一},
  Sortname = {Kei-ichi, Ishioka},
  isbn={9784130613057},
  year={2004},
  publisher={東京大学出版会}
}
@book{karniadakis2005spectral,
  title={Spectral/hp {E}lement {M}ethods for {C}omputational {F}luid {D}ynamics},
  author={Karniadakis, G. and Sherwin, S.},
  isbn={9780198528692},
  lccn={2005280184},
  series={Numerical Mathematics and Scientific Computation},
  url={https://books.google.fr/books?id=mfpzYY4KsuwC},
  year={2005},
  edition={2},
  publisher={OUP Oxford}
}
@book{1994fem_mathematics,
  title={有限要素法の数理: 数学的基礎と誤差解析},
  langid={Japanese},
  author={菊地, 文雄},
  isbn={9784563033880},
  series={計算力学とCAEシリーズ 13},
  url={https://books.google.fr/books?id=eyWoAAAACAAJ},
  year={1994},
  publisher={培風館}
}

@article{Araki_master_thesis,
  title = "von K\'arm\'an乱流の時空間大変動とエネルギカスケードの動力学",
  langid={Japanese},
  author = "荒木, 亮",
  Sortname = {Ryo Araki},
  journal = "大阪大学基礎工学研究科 修士論文",
  year = "2020",
}
@article{GotoJPS2018,
  title={発達した乱流―エネルギーカスケードをめぐって},
  langid={Japanese},
  author={後藤, 晋},
  Sortname = {Susumu Goto},
  journal={日本物理学会誌},
  volume={73},
  number={7},
  pages={457-462},
  year={2018},
  doi={10.11316/butsuri.73.7_457}
}
@online{gotolab,
  title = {大阪大学基礎工学研究科~後藤研究室},
  langid={Japanese},
  year = 2015-2020,
  url = {http://fm.me.es.osaka-u.ac.jp/index.html},
  urldate = {2020-01-30}
}
